<?xml version="1.0" encoding="UTF-8"?><collection xmlns="http://www.loc.gov/MARC21/slim"><record><leader>00342nam--2200133-i-4500</leader><controlfield tag="001">000024814</controlfield><controlfield tag="002">20161230</controlfield><controlfield tag="005">20161230201035</controlfield><controlfield tag="008">060222s1000------------r-----000-0-eng-d</controlfield><datafield ind1=" " ind2=" " tag="080"><subfield code="a">541.138.2</subfield></datafield><datafield ind1=" " ind2=" " tag="100"><subfield code="a">Frappaz, G</subfield></datafield><datafield ind1=" " ind2=" " tag="245"><subfield code="a">Introduction a la galvanochimie</subfield></datafield><datafield ind1=" " ind2=" " tag="260"><subfield code="a">Lyon, Institut  National Des Sciences Appliques 123 P</subfield></datafield><datafield ind1=" " ind2=" " tag="852"><subfield code="a">79220</subfield></datafield></record></collection>